<record><leader>00000cas a22000007a 4500</leader><controlfield tag="001">20001318</controlfield><controlfield tag="008">890713d19871987nyuwr ne      0    0eng d</controlfield><datafield ind1=" " ind2=" " tag="010"><subfield code="a">sn 89071351 </subfield></datafield><datafield ind1=" " ind2=" " tag="040"><subfield code="a">NYS</subfield><subfield code="b">eng</subfield><subfield code="c">NYS</subfield><subfield code="d">OCLCQ</subfield></datafield><datafield ind1=" " ind2=" " tag="042"><subfield code="a">msc</subfield></datafield><datafield ind1="0" ind2=" " tag="130"><subfield code="a">Scotia-Glenville journal (Schenectady, N.Y. : 1987)</subfield></datafield><datafield ind1="1" ind2="4" tag="245"><subfield code="a">The Scotia-Glenville journal.</subfield></datafield><datafield ind1=" " ind2=" " tag="260"><subfield code="a">Schenectady, N.Y. :</subfield><subfield code="b">Wm. J. Kline &amp; Sons</subfield></datafield><datafield ind1=" " ind2=" " tag="300"><subfield code="a">v. :</subfield><subfield code="b">ill. ;</subfield><subfield code="c">40 cm.</subfield></datafield><datafield ind1=" " ind2=" " tag="310"><subfield code="a">Weekly</subfield></datafield><datafield ind1="0" ind2=" " tag="362"><subfield code="a">Vol. 1, no. 45 (June 11, 1987)-</subfield></datafield><datafield ind1="1" ind2=" " tag="362"><subfield code="a">Ceased in 1987.</subfield></datafield><datafield ind1=" " ind2=" " tag="515"><subfield code="a">Numbering is identical to: Niskayuna journal (Amsterdam, N.Y.).</subfield></datafield><datafield ind1=" " ind2=" " tag="752"><subfield code="a">United States</subfield><subfield code="b">New York</subfield><subfield code="c">Schenectady</subfield><subfield code="d">Schenectady.</subfield></datafield><datafield ind1=" " ind2=" " tag="752"><subfield code="a">United States</subfield><subfield code="b">New York</subfield><subfield code="c">Schenectady</subfield><subfield code="d">Scotia.</subfield></datafield><datafield ind1=" " ind2=" " tag="752"><subfield code="a">United States</subfield><subfield code="b">New York</subfield><subfield code="c">Schenectady</subfield><subfield code="d">Glenville.</subfield></datafield><datafield ind1="0" ind2=" " tag="775"><subfield code="t">Niskayuna journal (Amsterdam, N.Y.)</subfield><subfield code="w">(DLC)sn 87070128</subfield></datafield><datafield ind1="0" ind2="0" tag="785"><subfield code="t">Journal (Schenectady, N.Y. : Scotia-Glenville ed.)</subfield><subfield code="w">(DLC)sn 88074343</subfield></datafield></record>